@INPROCEEDINGS{cui07,
    author  = {{Discoverer: Automatic Protocol Reverse Engineering from Network Traces}},
    title   = {Cui, Weidong and Kannan, Jayanthkumar and Wang, Helen J},
    year    = {2007}
}

